
@misc{ISFrules,
  title = {International Stratego Federation},
  author="{International Stratego Federation}",
  howpublished = {https://www.kleier.net/isfstratego/rules.html},
  note = {Accessed: 2019-02-07}
}

@inproceedings{mordatch2015interactive,
  title={Interactive control of diverse complex characters with neural networks},
  author={Mordatch, Igor and Lowrey, Kendall and Andrew, Galen and Popovic, Zoran and Todorov, Emanuel V},
  booktitle={Advances in Neural Information Processing Systems},
  pages={3132--3140},
  year={2015}
}

@article{mordatch2012discovery,
  title={Discovery of complex behaviors through contact-invariant optimization},
  author={Mordatch, Igor and Todorov, Emanuel and Popovi{\'c}, Zoran},
  journal={ACM Transactions on Graphics (TOG)},
  volume={31},
  number={4},
  pages={43},
  year={2012},
  publisher={ACM}
}

@article{heess2017emergence,
  title={Emergence of locomotion behaviours in rich environments},
  author={Heess, Nicolas and Sriram, Srinivasan and Lemmon, Jay and Merel, Josh and Wayne, Greg and Tassa, Yuval and Erez, Tom and Wang, Ziyu and Eslami, SM and Riedmiller, Martin and others},
  journal={arXiv preprint arXiv:1707.02286},
  year={2017}
}

@inproceedings{mordatch2012contact,
  title={Contact-invariant optimization for hand manipulation},
  author={Mordatch, Igor and Popovi{\'c}, Zoran and Todorov, Emanuel},
  booktitle={Proceedings of the ACM SIGGRAPH/Eurographics symposium on computer animation},
  pages={137--144},
  year={2012},
  organization={Eurographics Association}
}

@misc{mit6832,
  title = "{Underactuated Robotics Spring 2018 Lecture 20: Reinforcement Learning Part 1}",
  author="{MIT 6.832}",
  howpublished = \href{https://www.youtube.com/watch/uNBQV_Xm1TA},
  note = {Accessed: 2019-02-27}
}

