
@misc{ISFrules,
  title = {International Stratego Federation},
  author="{International Stratego Federation}",
  howpublished = {https://www.kleier.net/isfstratego/rules.html},
  note = {Accessed: 2019-02-07}
}

@inproceedings{mordatch2015interactive,
  title={Interactive control of diverse complex characters with neural networks},
  author={Mordatch, Igor and Lowrey, Kendall and Andrew, Galen and Popovic, Zoran and Todorov, Emanuel V},
  booktitle={Advances in Neural Information Processing Systems},
  pages={3132--3140},
  year={2015}
}

@article{mordatch2012discovery,
  title={Discovery of complex behaviors through contact-invariant optimization},
  author={Mordatch, Igor and Todorov, Emanuel and Popovi{\'c}, Zoran},
  journal={ACM Transactions on Graphics (TOG)},
  volume={31},
  number={4},
  pages={43},
  year={2012},
  publisher={ACM}
}

@article{heess2017emergence,
  title={Emergence of locomotion behaviours in rich environments},
  author={Heess, Nicolas and Sriram, Srinivasan and Lemmon, Jay and Merel, Josh and Wayne, Greg and Tassa, Yuval and Erez, Tom and Wang, Ziyu and Eslami, SM and Riedmiller, Martin and others},
  journal={arXiv preprint arXiv:1707.02286},
  year={2017}
}

@inproceedings{mordatch2012contact,
  title={Contact-invariant optimization for hand manipulation},
  author={Mordatch, Igor and Popovi{\'c}, Zoran and Todorov, Emanuel},
  booktitle={Proceedings of the ACM SIGGRAPH/Eurographics symposium on computer animation},
  pages={137--144},
  year={2012},
  organization={Eurographics Association}
}

@misc{mit6832,
  title = "{Underactuated Robotics Spring 2018 Lecture 20: Reinforcement Learning Part 1}",
  author="{MIT 6.832}",
  howpublished = \href{https://www.youtube.com/watch/uNBQV_Xm1TA},
  note = {Accessed: 2019-02-27}
}

@inproceedings{finn2017model,
  title={Model-agnostic meta-learning for fast adaptation of deep networks},
  author={Finn, Chelsea and Abbeel, Pieter and Levine, Sergey},
  booktitle={Proceedings of the 34th International Conference on Machine Learning-Volume 70},
  pages={1126--1135},
  year={2017},
  organization={JMLR. org}
}

@article{tassa2018deepmind,
  title={Deepmind control suite},
  author={Tassa, Yuval and Doron, Yotam and Muldal, Alistair and Erez, Tom and Li, Yazhe and Casas, Diego de Las and Budden, David and Abdolmaleki, Abbas and Merel, Josh and Lefrancq, Andrew and others},
  journal={arXiv preprint arXiv:1801.00690},
  year={2018}
}

@inproceedings{todorov2012mujoco,
  title={Mujoco: A physics engine for model-based control},
  author={Todorov, Emanuel and Erez, Tom and Tassa, Yuval},
  booktitle={2012 IEEE/RSJ International Conference on Intelligent Robots and Systems},
  pages={5026--5033},
  year={2012},
  organization={IEEE}
}

@inproceedings{abadi2016tensorflow,
  title={Tensorflow: A system for large-scale machine learning},
  author={Abadi, Mart{\'\i}n and Barham, Paul and Chen, Jianmin and Chen, Zhifeng and Davis, Andy and Dean, Jeffrey and Devin, Matthieu and Ghemawat, Sanjay and Irving, Geoffrey and Isard, Michael and others},
  booktitle={12th $\{$USENIX$\}$ Symposium on Operating Systems Design and Implementation ($\{$OSDI$\}$ 16)},
  pages={265--283},
  year={2016}
}
