
@misc{ISFrules,
  title = {International Stratego Federation},
  howpublished = {https://www.kleier.net/isfstratego/rules.html},
  note = {Accessed: 2019-02-07}
}

@phdthesis{arts10,
  author = {A.F.C. Arts},
  title =  {Competitive Play in Stratego},
  school = {Department of Knowledge Engineering, Maastricht University},
  year = {2010}
}

@phdthesis{smith2015,
  author = {Schuyler Smith},
  title =  {Learning to Play Stratego with Convolutional Neural Networks},
  school = {Department of Computer Science, Stanford University},
  year = {2015}
}

@inproceedings{long2010,
author = {Richard Long, Jeffrey and R. Sturtevant, Nathan and Buro, Michael and Furtak, Timothy},
year = {2010},
month = {01},
pages = {},
title = {Understanding the Success of Perfect Information Monte Carlo Sampling in Game Tree Search},
volume = {1},
journal = {Proceedings of the National Conference on Artificial Intelligence}
}

@misc{rlblogpost,
    title={Deep Reinforcement Learning Doesn't Work Yet},
    author={Irpan, Alex},
    howpublished={\url{https://www.alexirpan.com/2018/02/14/rl-hard.html}},
    year={2018}
}

@inproceedings{tassa2012,
  title={Synthesis and stabilization of complex behaviors through online trajectory optimization},
  author={Tassa, Yuval and Erez, Tom and Todorov, Emanuel},
  booktitle={Intelligent Robots and Systems (IROS), 2012 IEEE/RSJ International Conference on},
  pages={4906--4913},
  year={2012},
  organization={IEEE}
}

@article{kuindersma2016,
  title={Optimization-based locomotion planning, estimation, and control design for the atlas humanoid robot},
  author={Kuindersma, Scott and Deits, Robin and Fallon, Maurice and Valenzuela, Andr{\'e}s and Dai, Hongkai and Permenter, Frank and Koolen, Twan and Marion, Pat and Tedrake, Russ},
  journal={Autonomous Robots},
  volume={40},
  number={3},
  pages={429--455},
  year={2016},
  publisher={Springer}
}

@Article{konda03,
  author = 	 "R. Konda, N. Tsitsiklis",
  title = 	 "On Actor-Critic Algorithms",
  journal =	 "SIAM Journal on Optimization",
  year =	 "2003",
  volume =	 "42",
  number =	 "4",
  pages =	 "1143--1166"
}

@Article{arulkumaran17,
  author = 	 "K. Arulkumaran, M. P. Deisenroth, M. Brundage et. al.",
  title = 	 "Deep Reinforcement Learning: A Brief Survey",
  journal =	 "IEEE Signal Processing Magazine",
  year =	 "2017",
  volume =	 "34",
  number =	 "6",
  pages =	 "26-38"
}
